@online{pot-tolerance,
  title        = {MCP41010-I/P â€“ Microchip Technology | Digital Potentiometers | DigiKey},
  author       = {{Microchip Technology}},
  year         = {2025},
  url          = {https://www.digikey.co.th/en/products/detail/microchip-technology/MCP41010-I-P/362078?utm_source=chatgpt.com},
  note         = {Accessed: 2025-10-27},
  organization = {DigiKey Electronics}
}

@manual{potentiometer,
  title        = {MCP41XXX/42XXX Single/Dual Digital Potentiometer Data Sheet},
  author       = {{Microchip Technology Inc.}},
  year         = {2007},
  url          = {https://ww1.microchip.com/downloads/en/DeviceDoc/11195c.pdf},
  note         = {DS11195C, Accessed: 2025-10-27},
  organization = {Microchip Technology Inc.}
}


@misc{din,
  title        = {Professional Metal Film Leaded Resistors},
  author       = {{Vishay Intertechnology, Inc.}},
  year         = {n.d.},
  howpublished = {\url{https://www.vishay.com/docs/28766/mbxsma.pdf}},
  note         = {Accessed: 2025-10-13}
}

@online{thermal-resistance,
  title        = {Resistivity, Thermal Resistance and TCR Temperature Coefficient},
  author       = {{Passive Components Blog}},
  year         = {n.d.},
  url          = {https://passive-components.eu/resistors-resistivity-thermal-resistance-and-temperature-coefficient/},
  note         = {Accessed: 2025-10-13}
}
